@article{kunda2017analysis,
  title={An Analysis of Security and Performance Concerns in Mobile Web Application Development: Challenges and Open Issues},
  author={Kunda, Douglas and Chishimba, Mumbi and Mulenga, Mwenge and Chama, Victoria},
  journal={International Journal of Recent Contributions from Engineering, Science \& IT (iJES)},
  volume={5},
  number={3},
  pages={26--40},
  year={2017}
}

@article{kunda2016design,
  title={Design and Implementation of Students' Information System (SIS) for Mulungushi University Based on Spring Framework},
  author={Kunda, Douglas and Chama, Victoria},
  journal={development},
  volume={5},
  number={06},
  year={2016}
}