@article{kunda2016design,
  title={Design and Implementation of Students' Information System (SIS) for Mulungushi University Based on Spring Framework},
  author={Kunda, Douglas and Chama, Victoria},
  journal={development},
  volume={5},
  number={06},
  year={2016}
}
